@article{bhattacharya2008maintenance,
  title={On maintenance of Connectivity of Mobile Robot Network Using a Decentralized Scheme},
  author={Bhattacharya, Subhrajit},
  journal={Term Project Report for ESE},
  volume={680},
  year={2008}
}

@inproceedings{bhattacharya2010multi,
  title={Multi-agent path planning with multiple tasks and distance constraints},
  author={Bhattacharya, Subhrajit and Likhachev, Maxim and Kumar, Vijay},
  booktitle={Robotics and Automation (ICRA), 2010 IEEE International Conference on},
  pages={953--959},
  year={2010},
  organization={IEEE}
}

@article{sharon2015conflict,
  title={Conflict-based search for optimal multi-agent pathfinding},
  author={Sharon, Guni and Stern, Roni and Felner, Ariel and Sturtevant, Nathan R},
  journal={Artificial Intelligence},
  volume={219},
  pages={40--66},
  year={2015},
  publisher={Elsevier}
}

@inproceedings{ferner2013odrm,
  title={ODrM* optimal multirobot path planning in low dimensional search spaces},
  author={Ferner, Clayton and Wagner, Gerd and Choset, Howie},
  booktitle={Robotics and Automation (ICRA), 2013 IEEE International Conference on},
  pages={3854--3859},
  year={2013},
  organization={IEEE}
}

@article{georgeff1988communication,
  title={Communication and interaction in multi-agent planning},
  author={Georgeff, Michael},
  journal={Readings in distributed artificial intelligence},
  volume={313},
  pages={125--129},
  year={1988},
  publisher={no. SRI AI}
}

@inproceedings{de2005multi,
  title={Multi-agent planning: An introduction to planning and coordination},
  author={De Weerdt, Mathijs and Ter Mors, Adriaan and Witteveen, Cees},
  booktitle={In: Handouts of the European Agent Summer},
  year={2005},
  organization={Citeseer}
}

@article{hart1968formal,
  title={A formal basis for the heuristic determination of minimum cost paths},
  author={Hart, Peter E and Nilsson, Nils J and Raphael, Bertram},
  journal={Systems Science and Cybernetics, IEEE Transactions on},
  volume={4},
  number={2},
  pages={100--107},
  year={1968},
  publisher={IEEE}
}

@article{van2008multi,
  title={Multi-agent systems},
  author={Van der Hoek, Wiebe and Wooldridge, Michael},
  journal={Foundations of Artificial Intelligence},
  volume={3},
  pages={887--928},
  year={2008},
  publisher={Elsevier}
}

@book{gabbay1994temporal,
  title={Temporal logic: mathematical foundations and computational aspects},
  author={Gabbay, Dov M and Hodkinson, Ian and Reynolds, Mark and Finger, Marcelo},
  volume={1},
  year={1994},
  publisher={Clarendon Press Oxford}
}

@techreport{christofides1976worst,
  title={Worst-case analysis of a new heuristic for the travelling salesman problem},
  author={Christofides, Nicos},
  year={1976},
  institution={DTIC Document}
}

@incollection{moshkovitz2012projection,
  title={The projection games conjecture and the NP-hardness of ln n-approximating set-cover},
  author={Moshkovitz, Dana},
  booktitle={Approximation, Randomization, and Combinatorial Optimization. Algorithms and Techniques},
  pages={276--287},
  year={2012},
  publisher={Springer}
}

% BEGIN MIKE'S REFS

@inproceedings{Bruce:2002,
  title={Real-time Randomized Path Planning for Robot Navigation},
  author={J. Bruce and M. Veloso},
  booktitle={IEEE/RSJ International Conference on Intelligent Robots and Systems},
  year={2002}
}

@inproceedings{workshop-icaps12-errtplan,
  author = {Daniel Borrajo and Manuela Veloso},
  booktitle = {Proceedings of ICAPS'12 workshop on Heuristics and Search for Domain-Independent Planning},
  title = {Probabilistically Reusing Plans in Deterministic Planning},
  year = {2012},
  key = {Planning-Learning},
  address = {Atibaia (Brazil)},
  pages = {17-25},
}

@article{Serina:2010:KFC:1860143.1860472,
  author = {Serina, Ivan},
  title = {Kernel Functions for Case-based Planning},
  journal = {Artif. Intell.},
  issue_date = {November, 2010},
  volume = {174},
  number = {16-17},
  month = nov,
  year = {2010},
  issn = {0004-3702},
  pages = {1369--1406},
  numpages = {38},
  publisher = {Elsevier Science Publishers Ltd.},
  address = {Essex, UK},
} 

@INPROCEEDINGS{Fox06planstability,
  author = {Maria Fox and Alfonso Gerevini and Derek Long and Ivan Serina},
  title = {Plan stability: Replanning versus plan repair},
  booktitle = {In Proc. ICAPS},
  year = {2006},
  pages = {212--221},
  publisher = {AAAI Press}
}

@inproceedings{DBLP:conf/iccbr/RosaOB07,
  author    = {Tom{\'a}s de la Rosa and Angel Garc\'{\i}a Olaya and Daniel Borrajo},
  title     = {Using Cases Utility for Heuristic Planning Improvement},
  booktitle = {ICCBR},
  year      = {2007},
  pages     = {137-148},
}

@Article{mljournal,
  Author =   "Manuela M. Veloso and Jaime G. Carbonell",
  Title =  "Derivational Analogy in {Prodigy}: {A}utomating Case Acquisition, Storage, and Utilization",
  Journal =  "Machine Learning",
  Year =   1993,
  Volume =   10,
  Pages =  "249-278",
  Publisher =  "Kluwer Academic Publishers",
  Address =  "Boston, MA",
}

% END MIKE'S REFS

@inproceedings{helmert2007flexible,
  title={Flexible Abstraction Heuristics for Optimal Sequential Planning.},
  author={Helmert, Malte and Haslum, Patrik and Hoffmann, J{\"o}rg},
  booktitle={ICAPS},
  pages={176--183},
  year={2007}
}

@inproceedings{phillips2013anytime,
  title={Anytime incremental planning with E-Graphs},
  author={Phillips, Mike and Dornbush, Andrew and Chitta, Sachin and Likhachev, Maxim},
  booktitle={Robotics and Automation (ICRA), 2013 IEEE International Conference on},
  pages={2444--2451},
  year={2013},
  organization={IEEE}
}

@inproceedings{phillips2012graphs,
  title={E-Graphs: Bootstrapping Planning with Experience GFVraphs.},
  author={Phillips, Mike and Cohen, Benjamin J and Chitta, Sachin and Likhachev, Maxim},
  booktitle={Robotics: Science and Systems},
  year={2012}
}

@article{bonet2001planning,
  title={Planning as heuristic search},
  author={Bonet, Blai and Geffner, H{\'e}ctor},
  journal={Artificial Intelligence},
  volume={129},
  number={1},
  pages={5--33},
  year={2001},
  publisher={Elsevier}
}

@techreport{veloso1992learning,
  title={Learning by analogical reasoning in general problem solving},
  author={Veloso, Manuela M},
  year={1992},
  institution={DTIC Document}
}

@inproceedings{borrajo2012probabilistically,
  title={Probabilistically reusing plans in deterministic planning},
  author={Borrajo, Daniel and Veloso, Manuela},
  booktitle={Proc. of ICAPS-12 Workshop on on Heuristics and Search for Domain-Independent Planning},
  pages={17--25},
  year={2012}
}

@article{fikes1972learning,
  title={Learning and executing generalized robot plans},
  author={Fikes, Richard E and Hart, Peter E and Nilsson, Nils J},
  journal={Artificial intelligence},
  volume={3},
  pages={251--288},
  year={1972},
  publisher={Elsevier}
}

@phdthesis{ferrer2002anytime,
  title={Anytime replanning using local subplan replacement},
  author={Ferrer, Gabriel J},
  year={2002},
  school={Citeseer}
}

@incollection{refanidis2000grt,
  title={GRT: a domain independent heuristic for STRIPS worlds based on greedy regression tables},
  author={Refanidis, Ioannis and Vlahavas, Ioannis},
  booktitle={Recent Advances in AI Planning},
  pages={347--359},
  year={2000},
  publisher={Springer}
}

@article{helmert2006fast,
  title={The Fast Downward Planning System.},
  author={Helmert, Malte},
  journal={J. Artif. Intell. Res.(JAIR)},
  volume={26},
  pages={191--246},
  year={2006}
}

@article{richter2010lama,
  title={The LAMA planner: Guiding cost-based anytime planning with landmarks},
  author={Richter, Silvia and Westphal, Matthias},
  journal={Journal of Artificial Intelligence Research},
  volume={39},
  number={1},
  pages={127--177},
  year={2010}
}



@misc{Haehn-pc,

author = "D. Haehnel",

year = 2003,

howpublished = "Personal communication"}



@misc{Gordon-pc,

author = "G. Gordon",

year = 2003,

howpublished = "Personal communication"}



@book{Pearl-heur,

title = "Heuristics: Intelligent Search Strategies for Computer Problem Solving",

author = "J. Pearl",

publisher = "Addison-Wesley",

year = 1984}



@inProceedings{Pohl-heursearch,

    author =  "I. Pohl",

    title =   "Practical and theoretical considerations in heuristic search algorithms",

    booktitle = "Machine Intelligence 8",

    publisher = "New York: Wiley",

    editor    = "E. W. Elcock and D. Michie",

    pages = "55-72",

    year = 1977

}





@TECHREPORT{Gaschnig-perfofheursearch,

author = "J. Gaschnig",

title = "Performance measurement and analysis of certain search algorithms",

institution = "Carnegie Mellon University",

year = 1979,

number = "CMU-CS-79-124",

type = "{T}ech. {R}ep.",

note = "Ph.D. dissertation"

}





@TECHREPORT{Hansen-AnyHeurSearch,

author = "E. Hansen and S. Zilberstein, and V. Danilchenko",

title = "Anytime heuristic search: First results",

institution = "University of Massachusetts",

year = 1997,

number = "CMPSCI 97-50",

type = "{T}ech. {R}ep."

}



@inProceedings{ZhouHans-AnytimeA,

author =  "R. Zhou and E. A. Hansen",

title =   "Multiple sequence alignment using {A}*",

booktitle = "Proceedings of the National Conference on Artificial Intelligence (AAAI)",

year = 2002,

note = "Student abstract"}



@book{russell95,

title = "Artificial Intelligence: A Modern Approach",

author = "S. Russell and P. Norvig",

publisher = "Englewood Cliffs, NJ: Prentice-Hall",

year = 1995}



@inProceedings{KoenLikh-IncrementalA,

    author =  "S. Koenig and M. Likhachev",

    title =   "Incremental {A}*",

    booktitle = "Advances in Neural Information Processing Systems (NIPS) 14",

    publisher = "Cambridge, MA: MIT Press",

    editor    = "T. G. Dietterich and S. Becker and Z. Ghahramani",

    year = "2002",

}



@InProceedings{LikKoe-PartiGame,

  author    = "M. Likhachev and S. Koenig",

  title     = "Speeding Up the parti-game Algorithm",

  booktitle = "Advances in Neural Information Processing Systems (NIPS) 15",

  publisher = "Cambridge, MA: MIT Press",

  editor    = "S. Becker and S. Thrun and K. Obermayer",

  year      = "2002",

}



@inProceedings{LikGorThr-ara,

author = "M. Likhachev and G. Gordon and S. Thrun",

title = "{ARA*}: Anytime {A*} with provable bounds on sub-optimality",

booktitle = "Advances in Neural Information Processing Systems (NIPS) 16",

publisher = "Cambridge, MA: MIT Press",

year = 2003}





@TECHREPORT{LikGorThr-ARAAnalysis,

author = "M. Likhachev and G. Gordon and S. Thrun",

title = "{ARA*}: Formal analysis",

institution = "Carnegie Mellon University, Pittsburgh, PA",

year = 2003,

number = "CMU-CS-03-148",

type = "{T}ech. {R}ep."

}





@inProceedings{Dean88a,

  AUTHOR        = "T. L. Dean and M. Boddy",

  TITLE         = "An analysis of time-dependent planning",

  BOOKTITLE     = "Proceedings of the National Conference on Artificial Intelligence (AAAI)",

  YEAR          = 1988

  }

% PAGES         = {49--54},

%  ADDRESS       = {Menlo Park, CA: AAAI Press





@inProceedings{Stentz-dstar,

  AUTHOR        = "A. Stentz",

  TITLE         = "The focussed {D*} algorithm for real-time replanning",

  BOOKTITLE     = "Proceedings of the International Joint Conference on Artificial Intelligence (IJCAI)",

  PAGES         = {1652--1659},

  YEAR          = 1995,

}



@inProceedings{Horvitz-any,

  AUTHOR        = "E. J. Horvitz",

  TITLE         = "Problem-solving design: Reasoning about computational value, trade-offs, and resources",

  BOOKTITLE     = "Proceedings of the Second Annual NASA Research Forum",

  YEAR          = 1987}

% PAGES         = {26--43}





@INCOLLECTION{Zilberstein95a,

  AUTHOR        = "S. Zilberstein and S. Russell",

  TITLE         = "Approximate reasoning using anytime algorithms",

  BOOKTITLE     = "Imprecise and Approximate Computation",

  PUBLISHER     = "Kluwer Academic Publishers",

  YEAR          = 1995}

%  EDITOR        = {Natarajan, S.},

%  ADDRESS       = {Dordrecht}





@article{ bonet01planning,

    author = "B. Bonet and H. Geffner",

    title = "Planning as heuristic search",

    journal = "Artificial Intelligence",

    volume = "129",

    number = "1-2",

    pages = "5-33",

    year = "2001"

}



@InProceedings{bonet-hdp,

  author = "B. Bonet and H. Geffner",

  title = "Faster Heuristic Search Algorithms for Planning with Uncertainty and Full Feedback",

  pages = "1233--1238",

  booktitle = "Proceedings of the 18th International Joint Conference on Artificial Intelligence",

  year = "2003"

}



@article{ KorfBFS,

    author = "R. E. Korf",

    title = "Linear-space best-first search",

    journal = "Artificial Intelligence",

    volume = "62",

    pages = "41-78",

    year = "1993"

}



@article{ ChaGho-WAO,

    author = "P. P. Chakrabarti and S. Ghosh, and S. C. DeSarkar",

    title = "Admissibility of {AO}* when heuristics overestimate",

    journal = "Artificial Intelligence",

    volume = "34",

    pages = "97-113",

    year = "1988"

}



@article{ BagSri-weigsearnet,

    author = "A. Bagchi and P. K. Srimani",

    title = "Weighted heuristic search in networks",

    journal = "Journal of Algorithms",

    volume = "6",

    pages = "550-576",

    year = "1985"

}



@inProceedings{edelkamp01planning,

    AUTHOR = "S. Edelkamp",

    TITLE = "Planning with pattern databases",

    BOOKTITLE  = "Proceedings of the European Conference on Planning (ECP)",

    YEAR = "2001"

}



@inProceedings{Ste96-FractEnv,

    author= "A. Stentz",

    title= "Map-based strategies for robot navigation in unknown

environments",

    booktitle= "AAAI Spring Symposium on Planning with Incomplete

Information for Robot Problems",

    pages="110-116",

    year = "1996"

}



@book{NilsBook,

 AUTHOR= "N. Nilsson",

 TITLE= "Problem-Solving Methods in Artificial Intelligence",

 PUBLISHER= "McGraw-Hill",

 YEAR= "1971",

}



@article{ Fox-active,

  author = "D. Fox and W. Burgard, and S. Thrun",

  title = "Active markov localization for mobile robots",

  journal = "Robotics and Autonomous Systems",

  volume = "25",

  number = "3-4",

  pages = "195-207",

  year = "1998"

  }



@inProceedings{Koen-sensorbased,

  author = "S. Koenig and Y. Smirnov",

  title = "Sensor-based planning with the freespace assumption",

  booktitle  = "Proceedings of the IEEE International Conference on Robotics and Automation (ICRA)",

  pages = "3540-3545",

  year = "1996"

}



@PHDTHESIS{Sond-POMDP,

  AUTHOR =       "E. J. Sondik",

  TITLE =        "The Optimal Control of Partially Observable Markov Processes",

  SCHOOL =       "Stanford University",

  YEAR =         "1971",

}



@inProceedings{Zhou-POMDPDisc,

  AUTHOR        = "R. Zhou and E. A. Hansen",

  TITLE         = "An improved grid-based approximation algorithm for POMDPs",

  BOOKTITLE     = "Proceedings of the International Joint Conference on Artificial

Intelligence (IJCAI)",

  pages="707--716",

  YEAR          = 2001,



}



@article{LPA-AIJ,

  author = "S. Koenig and M. Likhachev and D. Furcy",

  title = "Lifelong Planning {A*}",

  journal = "Artificial Intelligence Journal (AIJ)",

  year = "2004"

}



@InProceedings{KoeLik-DLite,

 AUTHOR= "S. Koenig and M. Likhachev",

 TITLE= "{D*} {L}ite",

 BOOKTITLE= "Proceedings of the Eighteenth National Conference on Artificial Intelligence (AAAI)",

 YEAR= "2002"}

 %PAGES= "476--483",





@article{ MoorAtk-PartiGame,

  author = "A. Moore and C. Atkeson",

  title = "The parti-game algorithm for variable resolution reinforcement learning in multidimensional state-spaces",

  journal = "Machine Learning",

  volume = "21",

  number = "3",

  pages = "199--233",

  year = "1995"

}



@inProceedings{LikKoen-GLPA,

    author =  "M. Likhachev and S. Koenig",

    title =   "A Generalized Framework for Lifelong Planning {A*}",

    booktitle = "Proceedings of the International Conference on Automated Planning and Scheduling (ICAPS)",

    pages = "99--108",

    year = "2005"

}



@ARTICLE{Ausi:91,

 AUTHOR= "G. Ausiello and G. Italiano and A. Marchetti-Spaccamela and U. Nanni",

 TITLE= "Incremental Algorithms for Minimal Length Paths",

 JOURNAL= "Journal of Algorithms",

 VOLUME= "12",

 NUMBER= "4",

 YEAR= "1991",

 PAGES= "615--638",

}



@ARTICLE{Even:85,

 AUTHOR= "S. Even and H. Gazit",

 TITLE= "Updating Distances in Dynamic Graphs",

 JOURNAL= "Methods of Operations Research",

 VOLUME= "49",

 YEAR= "1985",

 PAGES= "371--387",

}



@INPROCEEDINGS{Frig:96,

 AUTHOR= "D. Frigioni and A. Marchetti-Spaccamela, and U. Nanni",

 TITLE= "Fully Dynamic Output Bounded Single Source Shortest Path Problem",

 BOOKTITLE= "Proceedings of the Symposium on Discrete Algorithms",

 YEAR= "1996"}

% PAGES= "212--221",





@ARTICLE{Goto:78,

 AUTHOR= "S. Goto and A. Sangiovanni-Vincentelli",

 TITLE= "A New Shortest Path Updating Algorithm",

 JOURNAL= "Networks",

 VOLUME= "8",

 NUMBER= "4",

 YEAR= "1978",

 PAGES= "341--372",

}



@ARTICLE{Lin:90,

 AUTHOR= "C. Lin and R. Chang",

 TITLE= "On the Dynamic Shortest Path Problem",

 JOURNAL= "Journal of Information Processing",

 VOLUME= "13",

 NUMBER= "4",

 YEAR= "1990",

 PAGES= "470--476",

}



@ARTICLE{Rama:96,

 AUTHOR= "G. Ramalingam and T. Reps",

 TITLE= "An Incremental Algorithm for a Generalization of the Shortest-Path Problem",

 JOURNAL= "Journal of Algorithms",

 VOLUME= "21",

 YEAR= "1996",

 PAGES= "267--305",

}



@INPROCEEDINGS{Edel:98,

 AUTHOR= "S. Edelkamp",

 TITLE= "Updating Shortest Paths",

 BOOKTITLE= "Proceedings of the European Conference on Artificial Intelligence",

 YEAR= "1998"}

 %PAGES= "655--659",





@article{PNIV01,

    author = "L. Podsedkowski and J. Nowakowski and M. Idzikowski and I. Vizvary",

    title = "A new solution for path planning in partially known or unknown environment for nonholonomic mobile robots",

    journal = "Robotics and Autonomous Systems",

    volume = "34",

    pages = "145--152",

    year = "2001"

}



@article{Tro90,

    author = "K. Trovato",

    title = "Differential {A*}: An adaptive search method illustrated with robot path planning for moving obstacles and goals, and an uncertain environment",

    journal = "Journal of Pattern Recognition and Artificial Intelligence",

    volume = "4",

    number = "2",

    year = "1990"

}



@book{suttonRLbook,

title = "Reinforcement Learning: An Introduction",

author = "R. S. Sutton and A. G. Barton",

publisher = "Cambridge, MA: MIT Press",

year = "1998"

}



@article{Moor-Prior,

    author = "A. Moore and C. Atkeson",

    title = "Prioritized sweeping: Reinforcement learning with less data and less time",

    journal = "Machine Learning",

    volume = "13",

    number = "1",

    pages = "103--130",

    year = "1993"

}



@book{NilsBook2,

 AUTHOR= "N. Nilsson",

 TITLE= "Principles of Artificial Intelligence",

 PUBLISHER= "Palo Alto, CA: Tioga Publishing",

 YEAR= "1980",

}



@article{Hans-LAO,

    author = "E. Hansen and S. Zilberstein",

    title = "{LAO*}: A heuristic search algorithm that finds solutions with loops",

    journal = "Artificial Intelligence",

    volume = "129",

    pages = "35--62",

    year = "2001"

}



@inproceedings{ peng93dynaq,

    author = "J. Peng and R. J. Williams",

    title = "Efficient Learning and Planning Within the Dyna Framework",

    booktitle = "Proceedings of the 2nd International Conference on Simulation of Adaptive Behavior",

    year = "1993",

}



@article{papadimitriou-tsitsiklis,

  author = "C. H. Papadimitriou and J. N. Tsitsiklis",

  year = 1987,

  title = "The complexity of {M}arkov decision processses",

  journal = "Mathematics of Operations Research",

  volume = 12,

  number = 3,

  pages = "441--450"}



@article{Mero-pathmax,

    author = "L. Mero",

    title = "A heuristic search algorithm with modifiable estimate",

    journal = "Artificial Intelligence",

    volume = "23",

    pages = "13--27",

    year = "1984"

}



@article{Barto-rtdp,

    author = "A. Barto and S. Bradtke, and S. Singh",

    title = "Learning to act using real-time dynamic programming",

    journal = "Artificial Intelligence",

    volume = "72",

    pages = "81--138",

    year = "1995"

}



@inProceedings{LikGorThr-mcp,

author = "M. Likhachev and G. Gordon, and S. Thrun",

title = "Planning for Markov Decision Processes with Sparse Stochasticity",

booktitle = "Advances in Neural Information Processing Systems (NIPS) 17",

publisher = "Cambridge, MA: MIT Press",

year = 2004}



@inProceedings{ambite97planning,

  author = "J. Ambite and C. Knoblock",

  title = "Planning by Rewriting: Efficiently Generating High-quality Plans",

  booktitle = "Proceedings of the National Conference on Artificial Intelligence (AAAI)",

  year = "1997",

}



@inProceedings{zilberstein93anytime,

  author = "S. Zilberstein and S. Russell",

  title = "Anytime Sensing, Planning and Action: A Practical Model for Robot Control",

  BOOKTITLE     = "Proceedings of the International Joint Conference on Artificial

    Intelligence (IJCAI)",

  YEAR          = 1993,

  PAGES         = {1402--1407}

}



@inProceedings{hawes02anytime,

  author = "N. Hawes",

  title = "An Anytime Planning Agent for Computer Game Worlds",

  booktitle = "Proceedings of the Workshop on Agents in Computer Games at The 3rd International Conference on Computers and Games (CG'02)",

  year = "2002",

  pages = {1--14}

}





@article{pai-multiresolution,

    author = "D. K. Pai and L.-M. Reissell",

    title = "Multiresolution Rough Terrain Motion Planning",

    journal = "IEEE Transactions on Robotics and Automation",

    volume = "14 (1)",

    pages = "19--33",

    year = "1998"

}



@inProceedings{prendinger98anytime,

  author = "H. Prendinger and M. Ishizuka",

  title = "{APS}, a Prolog-based Anytime Planning System",

  booktitle = "Proceedings 11th International Conference on Applications of Prolog (INAP)",

  year = "1998",

  pages = "144--149"

}





@article{ Dasgupta94agentcenteredsearch,

    author = "P. Dasgupta and P. Chakrabarti, and S. DeSarkar",

    title = "Agent searching in a tree and the optimality of iterative deepening",

    journal = "Artificial Intelligence",

    volume = "71",

    pages = "195--208",

    year = "1994"

}





@PHDTHESIS{Koenig97agentcenteredsearch,

  AUTHOR =       "S. Koenig",

  TITLE =        "Chapter 2 of Goal-Directed Acting with Incomplete Information: Acting with Agent-Centered Search",

  SCHOOL =       "Carnegie Mellon University",

  YEAR =         "1997",

}



@inProceedings{Rabin-Astarforgames,

author =  "S. Rabin",

title =   "{A}* Speed Optimizations",

booktitle = "Game Programming Gems",

PAGES= "272--287",

editor    = "M. DeLoura",

publisher = "Charles River Media",

address   = "Rockland, MA",

year      = "2000"

}





@inProceedings{ZhouHans-beamstack,

    author =  "R. Zhou and E. A. Hansen",

    title =   "Beam-Stack Search: Integrating Backtracking with Beam Search",

    booktitle = "Proceedings of the International Conference on Automated Planning and Scheduling (ICAPS)",

    pages = "90--98",

    year = "2005"

}



@inProceedings{Lik-AD,

    author =  "M. Likhachev and D. Ferguson and G. Gordon and A. Stentz and S. Thrun",

    title =   "Anytime Dynamic {A*}: An Anytime, Replanning Algorithm",

    booktitle = "Proceedings of the International Conference on Automated Planning and Scheduling (ICAPS)",

    pages = "262--271",

    year = "2005"

}



@inProceedings{Zhang-CABS,

 author = "W. Zhang",

 title = "Complete anytime beam search",

 booktitle = "Proceedings of the National Conference on Artificial Intelligence (AAAI)",

 year = "1998",

 pages = "425--430"

}





@PHDTHESIS{Furcy04thesis,

  AUTHOR =       "D. Furcy",

  TITLE =        "Chapter 5 of Speeding Up the Convergence of Online Heuristic Search

                    and Scaling Up Offline Heuristic Search",

  SCHOOL =       "Georgia Institute of Technology",

  YEAR =         "2004",

}





@inProceedings{Kumar-branchandbound,

    author = "V. Kumar",

    title = "Branch-and-bound Search",

    booktitle = "Encyclopedia of Artificial Intelligence",

    publisher = "New York, NY: Wiley-Interscience",

    editor    = "S. C. Shapiro",

    pages = "1468--1472",

    year = "1992"

}



@ARTICLE{Hamm:90,

 AUTHOR= "K. Hammond",

 TITLE= "Explaining and Repairing Plans that Fail",

 JOURNAL= "Artificial Intelligence",

 VOLUME= "45",

 YEAR= "1990",

 PAGES= "173--228",

}



@INPROCEEDINGS{Simm:88,

 AUTHOR= "R. Simmons",

 TITLE= "A Theory of Debugging Plans and Interpretations",

 BOOKTITLE= "Proceedings of the National Conference on Artificial Intelligence (AAAI)",

 YEAR= "1988",

 PAGES= "94--99",

}



@INPROCEEDINGS{Gere:00,

 AUTHOR= "A. Gerevini and I. Serina",

 TITLE= "Fast Plan Adaptation through Planning Graphs: Local and Systematic Search Techniques",

 BOOKTITLE= "Proceedings of the International Conference on Artificial Intelligence Planning and Scheduling (AIPS)",

 PAGES= "112--121",

 YEAR= "2000",

}



@INCOLLECTION{Koeh:94,

 AUTHOR= "J. Koehler",

 TITLE= "Flexible Plan Reuse in a Formal Framework",

 BOOKTITLE= "Current Trends in {AI} Planning",

 EDITOR= "C. B{\"a}ckstr{\"o}m and E. Sandewall",

 PUBLISHER= "IOS Press",

 YEAR = "1994",

 PAGES= "171--184",

}



@BOOK{Velo:94,

 AUTHOR= "M. Veloso",

 TITLE= "Planning and Learning by Analogical Reasoning",

 YEAR= "1994",

 PUBLISHER= "Springer",

}



@ARTICLE{Alte:88,

 AUTHOR= "R. Alterman",

 TITLE= "Adaptive Planning",

 JOURNAL= "Cognitive Science",

 VOLUME= "12",

 NUMBER= "3",

 YEAR= "1988",

 PAGES= "393--421",

}



@ARTICLE{Kamb:92,

 AUTHOR= "S. Kambhampati and J. Hendler",

 TITLE= "A Validation-Structure-Based Theory of Plan Modification and Reuse",

 JOURNAL= "Artificial Intelligence",

 YEAR= "1992",

 VOLUME= "55",

 PAGES= "193--258",

}



@ARTICLE{Hank:95,

 AUTHOR= "S. Hanks and D. Weld",

 TITLE= "A Domain-Independent Algorithm for Plan Adaptation",

 JOURNAL= "Journal of Artificial Intelligence Research",

 YEAR= "1995",

 VOLUME= "2",

 PAGES= "319--360",

}



@ARTICLE{Even:81,

 AUTHOR= "S. Even and Y. Shiloach",

 TITLE= "An On-Line Edge Deletion Problem",

 JOURNAL= "Journal of the ACM",

 VOLUME= "28",

 NUMBER= "1",

 YEAR= "1981",

 PAGES= "1--4",

}



@ARTICLE{Feue:93,

 AUTHOR= "E. Feuerstein and A. Marchetti-Spaccamela",

 TITLE= "Dynamic Algorithms for Shortest Paths in Planar Graphs",

 JOURNAL= "Theoretical Computer Science",

 VOLUME= "116",

 NUMBER= "2",

 YEAR= "1993",

 PAGES= "359--371",

}



@ARTICLE{Fran:01,

 AUTHOR= "P. Franciosa and D. Frigioni and R. Giaccio",

 TITLE= "Semi-Dynamic Breadth-First Search in Digraphs",

 JOURNAL= "Theoretical Computer Science",

 VOLUME= "250",

 NUMBER= "1--2",

 YEAR= "2001",

 PAGES= "201--217",

}



@ARTICLE{Ital:88,

 AUTHOR= "G. Italiano",

 TITLE= "Finding Paths and Deleting Edges in Directed Acyclic Graphs",

 JOURNAL= "Information Processing Letters",

 VOLUME= "28",

 NUMBER= "1",

 YEAR= "1988",

 PAGES= "5--11",

}



@INPROCEEDINGS{Klei:93,

 AUTHOR= "P. Klein and S. Subramanian",

 TITLE= "Fully Dynamic Approximation Schemes for Shortest Path Problems in Planar Graphs",

 BOOKTITLE= "Proceedings of the International Workshop on Algorithms and Data Structures",

 YEAR= "1993",

 PAGES= "443--451",

}



@INPROCEEDINGS{Rohn:85,

 AUTHOR= "H. Rohnert",

 TITLE= "A Dynamization of the All Pairs Least Cost Path Problem",

 BOOKTITLE= "Proceedings of the Symposium on Theoretical Aspects of Computer Science",

 YEAR= "1985",

 PAGES= "279--286",

}



@ARTICLE{Spir:75,

 AUTHOR= "P. Spira and A. Pan",

 TITLE= "On Finding and Updating Spanning Trees and Shortest Paths",

 JOURNAL= "SIAM Journal on Computing",

 VOLUME= "4",

 YEAR= "1975",

 PAGES= "375--380",

}



@ARTICLE{Frig:98,

 AUTHOR= "D. Frigioni and A. Marchetti-Spaccamela and U. Nanni",

 TITLE= "Semidynamic Algorithms for Maintaining Single Source Shortest Path Trees",

 JOURNAL= "Algorithmica",

 VOLUME= "22",

 NUMBER= "3",

 YEAR= "1998",

 PAGES= "250--274",

}



@ARTICLE{Frig:00,

 AUTHOR= "D. Frigioni and A. Marchetti-Spaccamela and U. Nanni",

 TITLE= "Fully Dynamic Algorithms for Maintaining Shortest Paths Trees",

 JOURNAL= "Journal of Algorithms",

 VOLUME= "34",

 NUMBER= "2",

 YEAR= "2000",

 PAGES= "251--281",

}



@ARTICLE{Rama:96a,

 AUTHOR= "G. Ramalingam and T. Reps",

 TITLE= "On the Computational Complexity of Dynamic Graph Problems",

 JOURNAL= "Theoretical Computer Science",

 VOLUME= "158",

 NUMBER= "1--2",

 YEAR= "1996",

 PAGES= "233-277",

}



@ARTICLE{Trov:90,

 AUTHOR= "K. Trovato",

 TITLE= "Differential {A*}: An adaptive search method illustrated with

         robot path planning for moving obstacles and goals, and an uncertain

         environment",

 JOURNAL= "Journal of Pattern Recognition and Artificial Intelligence",

 VOLUME= "4",

 NUMBER= "2",

 YEAR= "1990",

}





@article{ Pods:01,

  author = "L. Podsedkowski and J. Nowakowski and M. Idzikowski, and I. Vizvary",

  title = "A new solution for path planning in partially known or unknown environment for nonholonomic mobile robots",

  journal = "Robotics and Autonomous Systems",

  volume = "34",

  pages = "145--152",

  year = "2001"

}



@phdthesis{ ferrer-anytime,

  author = "G. J. Ferrer",

  title = "Anytime Replanning Using Local Subplan Replacement",

  SCHOOL =       "University of Virginia",

  year = "2002"

}





@inProceedings{Chien-CASPER,

    author =  "S. Chien and R. Knight and A. Stechert and R. Sherwood, and G. Rabideau",

    title =   "Using Iterative Repair to Improve the Responsiveness of Planning and Scheduling",

    booktitle = "Proceedings of the International Conference on Artificial Intelligence Planning and Scheduling (AIPS)",

    year = "2000"

}



@inProceedings{Fer-heursearchguide,

    author =  "D. Ferguson and M. Likhachev and A. Stentz",

    title =   "A Guide to Heuristic-based Path Planning",

    booktitle = "Proceedings of the Workshop on Planning under Uncertainty for Autonomous Systems at

        The International Conference on Automated Planning and Scheduling (ICAPS)",

   year = "2005"}

   %pages = {9--18}





@inProceedings{Fer_delayedD,

   author = "D. Ferguson and A. Stentz",

   title = "The Delayed {D*} Algorithm for Efficient Path Replanning",

   booktitle = "Proceedings of the IEEE International Conference on Robotics and Automation (ICRA)",

   year = "2005"

}



@Book{latombe-robmotionplanbook,

  author =       "J.-C. Latombe",

  title =   "Robot Motion Planning",

  publisher =    "Boston, MA: Kluwer Academic Publishers",

  year =     "1991"}

  %address =      "Boston",

  %ISBN =     "0792391292",

  %topic =   "motion-planning;robotics;robot-navigation;",





@article{ProbRoadmaps,

    author = "L. Kavraki and P. Svestka and J.-C. Latombe and M. H. Overmars",

    title = "Probabilistic Roadmaps for Path Planning in High-dimensional Configuration Spaces",

    journal = "IEEE Transactions on Robotics and Automation",

    volume = "12",

    number = "4",

    pages = "566--580",

    year = "1996"

    }



@article{ProbRoadmapsofTrees,

    author = "E. Plaku and K. E. Bekris and B.Y. Chen and A.M. Ladd and L. Kavraki",

    title = "Sampling-Based Roadmap of Trees for Parallel Motion Planning",

    journal = "IEEE Transactions on Robotics",

    volume = "21",

    number = "4",

    pages = "597--608",

    year = "2005"

    }



@inProceedings{RRT,

  author = "J.J. Kuffner and S.M. LaValle",

  title = "{RRT}-connect: An Efficient Approach to Single-query Path Planning",

  booktitle  = "Proceedings of the IEEE International Conference on Robotics and Automation (ICRA)",

  year = "2000",

  pages = "995--1001",

}



@inProceedings{EST,

  author = "D. Hsu and J.-C. Latombe and R. Motwani",

  title = "Path Planning in Expansive Configuration Spaces",

  booktitle  = "Proceedings of the IEEE International Conference on Robotics and Automation (ICRA)",

  year = "1997",

  pages = "2719--2726",

}



@inProceedings{adininPRMs,

  AUTHOR        = "F. Kabanza and R. Nkambou and K. Belghith",

  TITLE         = "Path-Planning for Autonomous Training on Robot Manipulators in Space",

  BOOKTITLE     = "Proceedings of the International Joint Conference on Artificial

Intelligence (IJCAI)",

  YEAR          = 2005,

  PAGES         = {1729--1731},

  note = "Poster Paper"

}



@misc{Ferg-pc,

author = "D. Ferguson",

year = 2005,

howpublished = "Personal communication"}



@article{CannyRoadmaps,

    author = "J. Canny",

    title = "Constructing Roadmaps of Semi-algebraic Sets {I}: Completeness",

    journal = "Artificial Intelligence",

    volume = "37",

    pages = "203--222",

    year = "1988"

    }



@article{Acar-MorseDecomp,

    author = "E.U. Acar and H. Choset and A.A. Rizzi and P. Atkar and D. Hull",

    title = "Morse Decompositions for Coverage Tasks",

    journal = "International Journal of Robotics Research",

    volume = "21",

    pages = "331--344",

    year = "2002"

    }



@article{Lumelsky-bug,

    author = "V. Lumelsky and A. Stepanov",

    title = "Path Planning Strategies for Point Mobile Automation Moving Amidst Unknown Obstacles of Arbitrary Shape",

    journal = "Algorithmica",

    volume = "2",

    pages = "403--430",

    year = "1987"

    }



@inProceedings{Yahja-quadtreesforplan,

  author = "A. Yahja and A. Stentz and S. Singh and B. L. Brumitt",

  title = "Framed-Quadtree Path Planning for Mobile Robots Operating in Sparse Environments",

  booktitle  = "Proceedings of the IEEE International Conference on Robotics and Automation (ICRA)",

  year = "1998",

  pages = "650--655"

}





@BOOK{Preparata-compgeom,

 AUTHOR= "F. Preparata and M.I. Shamos",

 TITLE= "Computational Geometry: An Introduction",

 YEAR= "1985",

 PUBLISHER= "Springer-Verlag",

 pages = "198--257"

}





@inProceedings{Moravec-certgrids,

  author = "H. Moravec",

  title = "Certainty Grids for Mobile Robots",

  booktitle = "Proceedings of the NASA/JPL Space Telerobotics Workshop",

  year = "1987",

  pages = {307--312}

}



@inproceedings{Koenig-freespace,

   author = "S. Koenig and Y. Smirnov",

   title = "Sensor-Based Planning with the Freespace Assumption",

   booktitle = "Proceedings of the International Conference on Robotics and Automation (ICRA)",

   year = "1997"

}



@inProceedings{koenig-agentcenteredcompl,

  author = "S. Koenig and R.G. Simmons",

  title = "Easy and Hard Testbeds for Real-Time Search Algorithms",

  booktitle = "Proceedings of the National Conference on Artificial Intelligence (AAAI)",

  year = "1996"}

  %pages = "279--285"





@INPROCEEDINGS{koenig-sherpa,

 AUTHOR= "S. Koenig and D. Furcy and C. Bauer",

 TITLE= "Heuristic Search-Based Replanning",

 BOOKTITLE= "Proceedings of the International Conference on Artificial Intelligence Planning and Scheduling",

 YEAR= "2002",

 PAGES= "294--301",

}



@inproceedings{jensen-AstarforBDD,

  author    = "R. M. Jensen and R. E. Bryant and M. M. Veloso",

  title     = "{SetA*}: An Efficient {BDD}-Based Heuristic Search Algorithm",

  booktitle = "Proceedings of the National Conference on Artificial Intelligence (AAAI)",

  year      = "2002",

  pages     = "668--673",

}



@inproceedings{edelkamp-AstarforBDD,

  author    = "S. Edelkamp",

  title     = "Heuristic Search Planning with {BDD}s",

  booktitle = {Proceedings of the Workshop "New Results in Planning,

               Scheduling and Design" (PuK)},

  year      = "2000"}



@article{khatib-potfields,

    author = "O. Khatib",

    title = "Real-time Obstacle Avoidance for Manipulators and Mobile Robots",

    journal = "International Journal of Robotics Research",

    volume = "5",

    number = "1",

    pages = "90--98",

    year = "1986"

}



@article{latombe-potfields,

    author = "J. Barraquand and B. Langlois and J. Latombe",

    title = "Numerical Potential Field Techniques for Robot Path Planning",

    journal = "IEEE Trans. on Systems, Man, and Cybernetics",

    volume = "22",

    number = "2",

    pages = "224--241",

    year = "1992"

}



@article{borenstein-vectorfieldhist,

    author = "J. Borenstein and Y. Koren",

    title = "The Vector Field Histogram - Fast Obstacle Avoidance for Mobile Robots",

    journal = "IEEE Transactions on Robotics and Automation",

    volume = "7",

    number = "3",

    pages = "278--288",

    year = "1991"

}



@article{rimon-navigfunctions,

    author = "E. Rimon and D.E. Koditscheck",

    title = "Exact Robot Navigation using Artificial Potential Functions",

    journal = "IEEE Transactions on Robotics and Automation",

    volume = "8",

    number = "5",

    pages = "501--518",

    year = "1992"

}



@article{arkin-schemabasednav,

    author = "R. C. Arkin",

    title = "Motor Schema-Based Mobile Robot Navigation",

    journal = "The International Journal of Robotics Research",

    pages = "92--112",

    year = "1989"

}



@inproceedings{guidedEST,

   author = "Jeff M. Phillips, Nazareth Bedrossian, and Lydia E. Kavraki",

   title = "Guided Expansive Spaces Trees: A Search Strategy for Motion- and Cost-Constrained State Spaces",

   booktitle = "Proceedings of the International Conference on Robotics and Automation (ICRA)",

   year = "2004"

}



@article{IDA-Korf85,

  author    = {Richard E. Korf},

  title     = {Depth-First Iterative-Deepening: An Optimal Admissible Tree

               Search.},

  journal   = {Artif. Intell.},

  volume    = {27},

  number    = {1},

  year      = {1985},

  pages     = {97-109},

  bibsource = {DBLP, http://dblp.uni-trier.de}

  }



@inproceedings{anyrrt-ferg,

   author = "Dave Ferguson and Anthony Stentz",

   title = "Anytime {RRTs}",

   booktitle = "Proceedings of the International Conference on Intelligent Robots and Systems (IROS)",

   year = "2006"

}



@TECHREPORT{LikStentz-PPCPProofs,

author = "M. Likhachev and A. Stentz",

title = "{PPCP:} {T}he Proofs",

institution = "University of Pennsylvania, Philadelphia, PA",

type = "{T}ech. {R}ep.",

year = "2008"

}





@InProceedings{LikStentz-PPCP,

author = "M. Likhachev and A. Stentz",

title = "{PPCP}: Efficient Probabilistic Planning with Clear Preferences in Partially-Known

        Environments",

BOOKTITLE= "Proceedings of the National Conference on Artificial Intelligence (AAAI)",

pages="860--868",

YEAR= "2006"

}



@InProceedings{LikStentz-pathclearance,

    author = "M. Likhachev and A. Stentz",

    title = "Goal Directed Navigation with Uncertainty in Adversary Locations",

    booktitle = "Proceedings of the International Conference on Intelligent Robots and Systems (IROS)",

    pages = "4127--4134",

    YEAR= "2007"

}



@article{Nour-assumplan,

    author = "I. Nourbakhsh and M. Genesereth",

    title = " Assumptive planning and execution: a simple, working robot architecture",

    journal = "Autonomous Robots Journal",

    volume = 3,

    number = 1,

    pages = "49--67",

    year = "1996"

}



@inproceedings{ roy02exponential,

    author = "N. Roy and G. Gordon",

    title = "Exponential Family PCA for Belief Compression in POMDPs",

    booktitle = "Advances in Neural Information Processing Systems",

    pages = "1043--1049",

    editor="S. Becker and S. Thrun and K. Obermayer",

    year = "2002",

}



@inproceedings{ pineau03pointbased,

  author = "J. Pineau and G. Gordon and S. Thrun",

  title = "Point-based value iteration: An anytime algorithm for POMDPs",

  booktitle = "Proceedings of the International Joint Conference on Artificial Intelligence

    (IJCAI)",

  pages="1025-1032",

  year = "2003"

  }



@inproceedings{spaan04icra,

  author = "M.T.J. Spaan and  N. Vlassis",

  title = {A point-based {POMDP} algorithm for robot planning},

  booktitle = "Proceedings of the IEEE International Conference on Robotics and Automation",

  year = "2004",

 pages = "2399--2404",

}



@inproceedings{Ferguson_PAO,

   author = "D. Ferguson and A. Stentz and S. Thrun",

   title = "{PAO*} for Planning with Hidden State",

   booktitle = "Proceedings of the 2004 IEEE International Conference on Robotics and Automation",

   pages="2840--2847",

   year = "2004"

}



@InProceedings{LikStentz-pcwithgreedyscouts,

    author = "M. Likhachev and A. Stentz",

    title = "Path Clearance Using Multiple Scout Robots",

    booktitle = "Proceedings of the Army Science Conference (ASC)",

    YEAR= "2006"

}





@InProceedings{KoeLik-AdaptA,

author = "S. Koenig and M. Likhachev",

title = "Adaptive {A*}",

BOOKTITLE= "Proceedings of the International Joint Conference on Autonomous Agents and Multiagent Systems (AAMAS)",

YEAR= "2005",

note = "Poster abstract"

}



@InProceedings{bonet-planwithincinfo,

  author = "B. Bonet and H. Geffner",

  title = "Planning with Incomplete Information as Heuristic Search in Belief Space",

  pages = "52--61",

  booktitle = "Proc. 6th International Conf. on Artificial Intelligence Planning and Scheduling",

  editor = "S. Chien and S. Kambhampati and C. Knoblock",

  address = "Breckenridge, CO",

  year = "2000",

  publisher = "AAAI Press"

}



@InProceedings{smith-hsvi,

  author =   {Trey Smith and Reid G. Simmons},

  title =    {Heuristic Search Value Iteration for {POMDPs}},

  year =     2004,

  pages="520--527",

  booktitle =    {Proceedings of the International Conference on Uncertainty in Artificial Intelligence (UAI)},

}



@inproceedings{washington-bipomdp,

    author = "Richard Washington",

    title = "{BI}-{POMDP}: Bounded, Incremental, Partially-Observable Markov-Model Planning",

    booktitle = "Proceedings of the European Conference on Planning (ECP)",

    pages = "440-451",

    year = "1997",

}



@inproceedings{zhang-fasterviforPOMDPs,

    author = "Nevin L. Zhang and Stephen S. Lee and Weihong Zhang",

    title = "A Method for Speeding Up Value Iteration in Partially Observable Markov Decision Processes",

    pages = "696--703",

    booktitle =    {Proceedings of the International Conference on Uncertainty in Artificial Intelligence (UAI)},

    year = 1999,

}



@inproceedings{bonet-egridforpomdp,

    author = {Bonet, B. },

    booktitle = {Proceedings of the International Conference on Machine Learning},

    citeulike-article-id = {519647},

    keywords = {grid-interpolation, pomdp},

    priority = {2},

    title = {An $\epsilon$-optimal grid-based algorithm for partially obserable Markov decision processes},

    pages="51--58",

    year = {2002}

}



@article{lovejoy-gridforpomdp,

 author = {William S. Lovejoy},

 title = {Computationally feasible bounds for partially observed Markov decision processes},

 journal = {Operations Research},

 volume = {39},

 number = {1},

 year = {1991},

 issn = {0030-364X},

 pages = {162--175},

 publisher = {INFORMS},

 address = {Institute for Operations Research and the Management Sciences (INFORMS), Linthicum, Maryland, USA},

 }



@PHDTHESIS{Poon-POMDP,

  AUTHOR =       "K.M. Poon",

  TITLE =        "A fast heuristic algorithm for decision-theoretic planning",

  SCHOOL =       "The Hong Kong University of Science and Technology",

  YEAR =         "2001",

}



@inproceedings{boutilier96-factoredbelief,

    author = "Craig Boutilier and David Poole",

    title = "Computing Optimal Policies for Partially Observable Decision Processes Using Compact Representations",

    booktitle = "Proceedings of the National Conference on Artificial Intelligence ({AAAI}-96)",

    publisher = "AAAI Press / The MIT Press",

    address = "Portland, Oregon, USA",

    pages = "1168--1175",

    year = "1996",

}



@inproceedings{boyen-factoredpomdp,

    author = "Xavier Boyen and Daphne Koller",

    title = "Tractable Inference for Complex Stochastic Processes",

    pages = "33--42",

    booktitle =    {Proceedings of the International Conference on Uncertainty in Artificial Intelligence (UAI)},

    year = 1998,

}



@inproceedings{poupart-factoredpomdp,

    author = "Pascal Poupart and Craig Boutilier",

    title = "Vector-space analysis of belief-state approximation for {POMDP}s",

    booktitle =    {Proceedings of the International Conference on Uncertainty in Artificial Intelligence (UAI)},

    year = 2001,

}



@inproceedings{guestrin-factoredPOMDP,

  author = "C. Guestrin and D. Koller and R. Parr",

  title = "Solving factored POMDPs with linear value functions",

  booktitle = "Proceedings of the Workshop on Planning under Uncertainty and Incomplete Information",

  year = "2001",

}





@inProceedings{shani-forwsearchforpomdp,

  AUTHOR        = "Guy Shani and Ronen I. Brafman and Solomon E. Shimony",

  TITLE         = "Forward Search Value Iteration For POMDPs",

  BOOKTITLE     = "Proceedings of the International Joint Conference on Artificial

Intelligence (IJCAI)",

  YEAR          = 2007}

% PAGES         = {1652--1659}





@inproceedings{szer-maafordecpomdp,

    author = "D. Szer, F. Charpillet, and S. Zilberstein",

    title = "MAA*: A Heuristic Search Algorithm for Solving Decentralized POMDPs",

    booktitle =    {Proceedings of the International Conference on Uncertainty in Artificial Intelligence (UAI)},

    year = 2005,

}



@ARTICLE{Hart-Astar,

  AUTHOR={P. E. Hart and N. J. Nilsson, and B. Raphael},

  TITLE={A formal basis for the heuristic determination of minimum cost paths},

  JOURNAL={IEEE Transactions on Systems, Science, and Cybernetics},

  PAGES={100-107},

  NUMBER={2},

  VOLUME={SSC-4},

  YEAR={1968}

}



@Article{dijkstra-dijkstra,

  author =   {Edsger W. Dijkstra},

  title =    {A note on two problems in connexion with graphs},

  journal =  {Numerische Mathematik},

  year =     1959,

  volume =   1,

  pages =    {269--271},

}



@article{Dechter-optimalityofAstar,

 author = {Rina Dechter and Judea Pearl},

 title = {Generalized best-first search strategies and the optimality af {A}*},

 journal = {Journal of the Association for Computing Machinery},

 volume = {32},

 number = {3},

 year = {1985},

 issn = {0004-5411},

 pages = {505--536},

 doi = {http://doi.acm.org/10.1145/3828.3830},

 publisher = {ACM Press},

 address = {New York, NY, USA},

 }





@inProceedings{Hoppe-evac,

    author= "B. Hoppe and E. Tardos",

    title= "Polynomial Time Algorithms for Some Evacuation Problems",

    booktitle= "5th Annual ACM-SIAM Symposium on Discrete Algorithms",

    year = "1994",

    pages = {433--441},

}





@inProceedings{Kiosko-evac,

    author= "T. Kiosko and R. Francis",

    title= "Evacnet+: A Building Evacuation Computer Program",

    booktitle= "Fire {T}echnology",

    year = "1986",

    pages = {75-76},

 volume = {22},

 number = {1},

}





@inProceedings{Bo-evac,

    author= "B. Xiong, and P. B. Luh, and S. Chang, and L. Michel, and A. See",

    title= "Coherent Modeling and Effective Coordination for Building Emergency Evacuation",

    booktitle= "IEEE International Conference on Automation Science and Engineering (CASE)",

    year = "2007",

    pages = {670--677},

 volume = {22},

 number = {25},

}



@inProceedings{Zhang-evac,

    author= "J. S. Zhang, and C.K. Mohan, and P. Varshney, and C. Isik, and K. Mehrotra, and S. Wang, and Z. Gao, and R. Rajagopalan",

    title= "Coupling of Airflow and Pollutant Dispersion Models with Evacuation Planning Algorithms for Building System Controls",

    booktitle= "ASHRAE Transactions",

    year = "2005",

    volume = {112},

    number = {1},

}





@misc{TMTech-evac,

author = "TM Technologie",

year = 2007,

howpublished = "Intelligent System of Evacuation"}





@article{Likh-Anysearch,

  author = "M. Likhachev and D. Ferguson and G. Gordon and A. Stentz and S. Thrun",

  title = "Anytime Search in Dynamic Graphs",

  journal = "Artificial Intelligence Journal (AIJ)",

  year = "2008",

 volume = {172},

 number = {14}}

% issn = {0004-3702},

 pages = {1613--1643},

% doi = {http://dx.doi.org/10.1016/j.artint.2007.11.009},

% publisher = {Elsevier Science Publishers Ltd.},

% address = {Essex, UK},







@inProceedings{Burfoot-RRTPlan,

  AUTHOR        = "Daniel Burfoot, and Joelle Pineau, and Gregory Dudek",

  TITLE         = "{RRT}-Plan: a Randomized Algorithm for STRIPS Planning",

  BOOKTITLE     = "Proceedings of the National Conference on Artificial

            Intelligence (AAAI)",

  YEAR          = 2006

}



@PHDTHESIS{Morgan-samplebasedplan,

  AUTHOR =       "S. Morgan",

  TITLE =        "Sampling-based planning for discrete spaces",

  SCHOOL =       "Case Western Reserve University",

  YEAR =         "2004",

}



@article{Hansen-anytimeastarjair,

    title = {Anytime Heuristic Search.},

    author = {Eric A. Hansen and Rong Zhou},

    journal = {Journal of Artificial Intelligence Research (JAIR)},

    pages = {267-297},

    volume = {28},

    year = {2007},

}



@TECHREPORT{LikStentz-RAstarAnalysis,

author = "M. Likhachev and A. Stentz",

title = "R* Search: The Proofs",

institution = "University of Pennsylvania, Philadelphia, PA",

year = 2008,

type = "{T}ech. {R}ep."

}



@INPROCEEDINGS{LikFerg-planlongdynpaths,

    AUTHOR    = {M. Likhachev and D. Ferguson},

    TITLE     = {Planning Long Dynamically-Feasible Maneuvers For Autonomous Vehicles},

    BOOKTITLE = {Proceedings of Robotics: Science and Systems (RSS)},

    YEAR      = {2008}}

    %ADDRESS   = {Cambridge, USA},

    %MONTH     = {June},





@inproceedings{DiankovKuffner_RAStar,

   author = "Rosen Diankov and James Kuffner",

   title = "Randomized Statistical Path Planning",

   booktitle = "Proceedings of IEEE/RSJ 2007 International Conference on Robots and Systems (IROS)",

   month = "October",

   year = "2007"

}



@article{Baral-complofincompplan,

 author = {Chitta Baral, and Vladik Kreinovich, and Ra\'{u}l Trejo},

 title = {Computational complexity of planning and approximate planning in the presence of incompleteness},

 journal = {Artificial Intelligence},

 volume = {122},

 number = {1-2},

 year = {2000},

 issn = {0004-3702},

 pages = {241--267},

 doi = {http://dx.doi.org/10.1016/S0004-3702(00)00043-6},

 publisher = {Elsevier Science Publishers Ltd.},

 address = {Essex, UK},

 }



@inproceedings{Baral-planwithincinfo,

 author = {Chitta Baral, and Tran Cao Son},

 title = {Approximate reasoning about actions in presence of sensing and incomplete information},

   booktitle = {Proceedings of International Logic Programming Symposium (ILPS)},

   pages="387--401",

   year = "1997"

 }



@book{Puterman-MDP,

title = "Markov decision processes : Discrete stochastic dynamic programming",

author = "M. Puterman",

publisher = "John Wiley and Sons",

year = 1994}



@inProceedings{Yoon-ffreplan,

    author =  "Sungwook Yoon, and Alan Fern and Robert Givan",

    title =   "{FF}-Replan: A Baseline for Probabilistic Planning",

    booktitle = "Proceedings of the International Conference on Automated Planning and Scheduling (ICAPS)",

    year = "2007"

}



@inProceedings{Buffet-fpgplan,

    author =  "O. Buffet and D. Aberdeen",

    title =   "The Factored Policy Gradient planner",

    booktitle = "Proceedings of the Fifth International Planning Competition (IPC)",

    year = "2006"

}



@InProceedings{LikStentz-RStar,

author = "M. Likhachev and A. Stentz",

title = "{R*} Search",

BOOKTITLE= "Proceedings of the National Conference on Artificial Intelligence (AAAI)",

YEAR= "2008"

}



@inProceedings{LikStentz-pcwithmultscouts,

  author = "M. Likhachev and A. Stentz",

  title = "Information Value-Driven Approach to Path Clearance with Multiple Scout Robots",

  booktitle  = "Proceedings of the IEEE International Conference on Robotics and Automation (ICRA)",

  pages="2651--2656",

  year = "2008"

}



@InCollection{Thr98,

  author = {S. Thrun and others},

  title = {Map learning and high-speed navigation in {RHINO}},

  booktitle = {AI-based {M}obile {R}obots: Case {S}tudies of {S}uccessful {R}obot {S}ystems},

  editor = {D. Kortenkamp and R.P. Bonasso and R. Murphy},

  publisher = {Cambridge, MA: MIT Press},

  year = {1998}

}



@PhdThesis{Kel95,

  author =   {A. Kelly},

  title =    {An Intelligent Predictive Control Approach to the High Speed Cross Country Autonomous Navigation Problem},

  school =   {Carnegie Mellon University},

  year =     {1995}

}



@Article{Urm06,

author = {C. Urmson and others},

title = {A robust approach to high-speed navigation for unrehearsed desert terrain},

journal = JFR,

year = {2006},

volume = {23},

number = {8},

pages = {467-508},

month = {August}

}



@Article{Thr06,

author = {S. Thrun and others},

title = {Stanley: The robot that won the {DARPA} {G}rand {C}hallenge},

journal = JFR,

year = {2006},

volume = {23},

number = {9},

pages = {661-692},

month = {August}

}



@Article{Ste95b,

  author =   {A. Stentz and M. Hebert},

  title =    {A complete navigation system for goal acquisition in unknown environments},

  journal =      {Autonomous Robots},

  year =     {1995},

  OPTkey =   {},

  volume =   {2},

  number =   {2},

  pages =    {127-145},

  OPTmonth =     {},

  OPTnote =      {},

  OPTannote =    {}

}



@book{ProbRobbook,

        author = {Thrun, Sebastian and Burgard, Wolfram and Fox, Dieter  },

        isbn = {0262201623},

        month = {September},

        publisher = {Cambridge, MA: MIT Press},

        title = {Probabilistic Robotics (Intelligent Robotics and Autonomous Agents)},

        year = {2005}

}



@Article{Fio-MotPlan,

  author =   {P. Fiorini and Z. Shiller},

  title =    {Motion planning in dynamic environment using velocity obstacles},

  journal =      {International Journal of Robotics Research},

  year =     {1998},

  volume =   {17},

  number =   {7},

  pages =    {760-772}

}



@inProceedings{Berg-Anyplan,

  author = "J. van den Berg, and D. Ferguson, and J. Kuffner,",

  title = "Anytime Path Planning and Replanning in Dynamic Environments",

  booktitle  = "Proceedings of the IEEE International Conference on Robotics and Automation (ICRA)",

  year = "2006",

  pages = "2366-2371",

}



@Article{Fuji-MotPlan,

  author =   {K. Fujimura, and H. Samet},

  title =    {Planning A Time-Minimal Motion Among Moving Obstacles},

  journal =      {ALGORITHMICA},

  year =     {1993},

  volume =   {10},

  pages =    {41--63}

}





@Article{Inoue-MotPlan,

  author =   {A. Inoue, and K. Inoue, and Y. Okawa},

  title =    {On-line motion planning of autonomous mobile robots to avoid multiple moving obstacles based on prediction of their future trajectories},

  journal =      {J. of Robotics Society of Japan},

  year =     {1997},

  volume =   {15},

  number =   {2},

  pages =    {249-260}

}



@inProceedings{Minura-motplan,

  author = "J. Minura, and H. Uozumi, and Y. Shirai",

  title = "Mobile robot motion planning considering the motion uncertainty of moving obstacles",

  booktitle  = "Proceedings of IEEE Int. Conf. on Systems, Man, and Cybernetics",

  year = "1999",

  pages = "692-698",

}



@inProceedings{Berg-planshort,

  author = "J. van den Berg, and M. Overmars",

  title = "Planning the Shortest Safe Path amidst Unpredictably Moving Obstacles",

  booktitle  = "Proceedings Workshop on Algorithmic Foundations of Robotics",

  year = "2006",

}



@Article{Hsu-RandMotPlan,

  author =   {D. Hsu, and R. Kindel, and J.-C. Latombe, and S. Rock},

  title =    {Randomized kinodynamic motion planning with moving obstacles},

  journal =      {International Journal of Robotics Research},

  year =     {2002},

  volume =   {21},

  pages =    {233-255}

}



@inProceedings{Petty-safemotplan,

  author = "S. Petty and T. Fraichard",

  title = "Safe motion planning in dynamic environments",

  booktitle  = "Proceedings of IEEE Int. Conf. on Intelligent Robots and Systems (IROS)",

  year = "2005",

  pages = "3726-3731",

}



@article{MicFinKum0803,

        Author = {N. Michael and J. Fink and V. Kumar},

        Journal = {{IEEE} Robotics and Automation Magazine},

        Month = mar,

        Number = {1},

        Pages = {53-61},

        Title = {Experimental Testbed for Large Multi-Robot Teams: Verification and Validation},

        Volume = {15},

        Year = {2008}}



@article{Likh-ppcpaij,

  author = "M. Likhachev and A. Stentz",

  title = "Probabilistic Planning with Clear Preferences on Missing Information",

  journal = "Artificial Intelligence Journal (AIJ)",

  Volume = {173},

  Pages = {696--721},

  Number = {5-6},

  year = {2009}

}



@inProceedings{KushLikh-tblattice,

  author = "A. Kushleyev and M. Likhachev",

  title = "Time-bounded Lattice for Efficient Planning in Dynamic Environments",

  booktitle  = "Proceedings of the IEEE International Conference on Robotics and Automation (ICRA)",

  year = "2009"

}



@article{KoenLikh-fastreplan,

  author = "S. Koenig, and M. Likhachev",

  title = "Fast Replanning for Navigation in Unknown Terrain",

  journal = "Transactions on Robotics (and Automation)",

  Number = 3,

  Volume = 21,

  pages = {354--363},

  year = {2005}

}



@inProceedings{Scherer-FlyingFast,

  author = "S. Scherer, and S. Singh, and L. Chamberlain, and S. Saripalli",

  title = "Flying Fast and Low Among Obstacles",

  booktitle  = "Proceedings of the IEEE International Conference on Robotics and Automation (ICRA)",

  year = "2007"

}



@article{Merrell-obsavoidinuav,

    author = "P. C. Merrell, and D.-J. Lee, and R. W. Beard",

    title = "Obstacle avoidance for unmanned air vehicles using optical flow probability distributions",

    journal = "Mobile Robots XVII",

    volume = "5609",

    number = "1",

    pages = "13--22",

    year = "2004"

}



@manual{SBPL_LIB,

  title =  "Search-based Planning Library (SBPL): Open-source library of graph searches and their applications to robotics",

  author = "Maxim Likhachev",

  address = "http://www.sbpl.net/software"

}





@article{LikStentz-pcram,

    author = "M. Likhachev and A. Stentz",

    title = "Path Clearance",

    journal = {{IEEE} Robotics and Automation Magazine, Special Issue on Cooperative Control of Multiple Heterogeneous Unmanned Aerial Vehicles for Coverage and Surveillance},

    year = "2009"

}





@article{LikFerg-planlongdynpathsijrr,

    AUTHOR    = {M. Likhachev and D. Ferguson},

    TITLE     = {Planning Long Dynamically-Feasible Maneuvers For Autonomous Vehicles},

    journal = "International Journal of Robotics Research (IJRR)",

    YEAR      = {2009},

}



@article{BarrLat-nonholplanwithgraphs,

    author = "J. Barraquand and J.C. Latombe",

    title = "Nonholonomic Multi-body Mobile Robots: Controllability and Motion Planning in the Presence of Obstacles",

    journal = "Algorithmica",

    volume = "10",

    number = "2-3-4",

    pages = "121--155",

    year = "1993"

}



@article{SvesOver-probmotplan,

    author = "Petr Svestka and Mark H. Overmars",

    title = "Motion planning for car-like robots using a probabilistic learning approach",

    journal = "International Journal of Robotics Research",

    volume = "16",

    number = "2",

    pages = "119--143",

    year = "1997"

    }



@article{laumond-motionplan,

    author = "J.-P. Laumond, and P.E. Jacobs, and M. Taix, and R.M. Murray",

    title = "A motion planner for nonholonomic mobile robots",

    journal = "IEEE Transactions on Robotics and Automation",

    volume = "10",

    number = "5",

    pages = "577--593",

    year = "1994"

}



@article{lamiraux-motionplanfortrailer,

    author = {F. Lamiraux, and S. Sekhavat, and  J.-P. Laumond},

    title = "Motion Planning and Control for Hilare Pulling a Trailer",

    journal = "IEEE Transactions on Robotics and Automation",

    volume = "15",

    number = "4",

    pages = "640--652",

    year = "1999"

}



@InProceedings{Stachniss02Integrated,

  author    = {Stachniss, C. and Burgard, W.},

  title     = {An Integrated Approach to Goal-directed Obstacle Avoidance under Dynamic Constraints for Dynamic Environments},

  booktitle = {Proc.~of the IEEE/RSJ International Conference on Intelligent Robots and Systems (IROS)},

  pages = {508--513},

  year      = {2002},

}



@Article{Urm08-UC,

author = {C. Urmson and others},

title = {Autonomous Driving in Urban Environments: Boss and the Urban Challenge},

journal = JFR,

year = {2008},

volume = {25},

number = {8},

pages = {425-466},

month = {June}

}



@article{Pohl-wA,

  AUTHOR = {I. Pohl},

  TITLE = {First results on the effect of error in heuristic search},

  YEAR = 1970,

  journal = {Machine Intelligence},

  volume = {5},

  EDITOR = {B. Meltzer and D. Michie},

  PUBLISHER = {American Elsevier},

  ADDRESS = {New York},

  PAGES = {219-236},

}



@article{Bertsekas-Tsitsiklis,

	Author = {D.P. Bertsekas and J.N. Tsitsiklis},

	Date-Added = {2009-01-15 18:56:17 -0500},

	Date-Modified = {2009-01-15 18:58:07 -0500},

	Journal = {Automatica},

	Number = {1},

	Pages = {3-21},

	Title = {Some Aspects of Parallel and Distributed Iterative Algorithms - A Survey},

	Volume = {27},

	Year = {1991}}



@conference{HZ:JO:98,

	Address = {Leuven, Belgium},

	Author = {Zhang, H. and Kumar, V. and Ostrowski, J.},

	Booktitle = {IEEE International Conference on Robotics and Automation},

	Date-Added = {2009-01-15 18:25:36 -0500},

	Date-Modified = {2009-01-15 18:25:36 -0500},

	Month = {May 16-21},

	Publisher = {IEEE},

	Title = {Motion Planning under Uncertainty},

	Year = {1998}}



@article{Gerkey2004Task,

	Author = {Brian Gerkey and Maja Mataric},

	Date-Added = {2009-01-15 18:18:36 -0500},

	Date-Modified = {2009-01-15 18:18:36 -0500},

	Journal = {Int'l. J. of Robotics Research},

	Keywords = {task allocation, taxonomy, intentional cooperation},

	Number = {9},

	Optmonth = {September},

	Pages = {939-954},

	Read = {Yes},

	Title = {A formal analysis and taxonomy of task allocation in multi-robot systems},

	Volume = {23},

	Year = {2004}}



@article{bib-Dias,

	Author = {M Bernardine Dias and Robert Michael Zlot and Nidhi Kalra and Anthony (Tony) Stentz},

	Date-Added = {2009-01-15 18:18:13 -0500},

	Date-Modified = {2009-01-15 18:18:13 -0500},

	Journal = {Proc. of the IEEE},

	Number = {7},

	Optmonth = {July},

	Pages = {1257 - 1270},

	Title = {Market-based multirobot coordination: a survey and analysis},

	Volume = {94},

	Year = {2006}}



@ARTICLE{Daniel-POMDPs,

  AUTHOR={Daniel S. Bernstein and Eric A. Hansen and Shlomo Zilberstein},

  TITLE={Bounded Policy Iteration for Decentralized POMDPs},

  JOURNAL={Proceedings of the Nineteenth International Joint Conference on Artificial Intelligence },

  PAGES={1287--1292},

  YEAR={2005}}





@ARTICLE{Nair-POMDPs,

  AUTHOR={R. Nair and M. Tambe and M. Yokoo and D. Pynadath and S. Marsella},

  TITLE={Taming Decentralized POMDPs: Towards Efficient Policy Computation for Multiagent Settings},

  JOURNAL={18th International Joint Conference on Artificial Intelligence (IJCAI)},

  YEAR={2003}}





@ARTICLE{Matthijs-Decentralized,

  AUTHOR={Matthijs T.J. Spaan and Geoffrey J. Gordon and Nikos Vlassis},

  TITLE={Decentralized Planning under Uncertainty for Teams of Communicating Agents},

  JOURNAL={Proc. of Int. Joint Conference on Autonomous Agents and Multi Agent Systems},

  PAGES={249-256},

  YEAR={2006}}



@ARTICLE{Marie-DistributedPlanning,

  AUTHOR={Marie E. desJardins and Edmund H. Durfee and Charles L. Ortiz, Jr. and Michael J. Wolverton},

  TITLE={A Survey of Research in Distributed, Continual Planning},

  JOURNAL={AI Magazine},

  YEAR={2000}}



@ARTICLE{Martha-DIPART,

  AUTHOR={Martha E. Pollack},

  TITLE={Planning in dynamic environments: The ``DIPART"" system},

  JOURNAL={Advanced Planning Technology: Technology Achievements of the ARPA/Rome Laboratory Planning Initiative},

  Publisher = {Morgan Kaufmann},

  YEAR={1996}}



@ARTICLE{Jennings-industrial,

  AUTHOR={N. Jennings},

  TITLE={Controlling cooperative problem in industrial multi agent systems using joint intentions},

  JOURNAL={Artificial Intelligence},

  Publisher = {Morgan Kaufmann},

  PAGES={195-240},

  NUMBER={2},

  VOLUME={75},

  YEAR={1995}}



@INPROCEEDINGS{Ephrati-Clarke,

  AUTHOR={E. Ephrati and J. Rosenschein},

  TITLE={The Clarke Tax as a consensus mechanism among automated agents},

  Booktitle={Proceedings of AAAI-91},

  PAGES={173-178},

  YEAR={1991}}



@INPROCEEDINGS{Ephrati-heuristic,

  AUTHOR={Eithan Ephrati and Martha E. Pollack and Jeffrey S. Rosenschein},

  TITLE={A tractable heuristic that maximizes global utility through local plan combination},

  Booktitle={Proceedings of the 1st International Conference on MultiAgent Systems (ICMAS-95)},

  YEAR={1991}}



@ARTICLE{Edmund-planning,

	Author = {Edmund H. Durfee},

	Title = {Distributed Problem Solving and Planning},

    JOURNAL={Lecture Notes in Computer Science},

    PAGES={118-149},

    NUMBER={2},

    VOLUME={2086},

	Year = {2001}}





@inProceedings{Kanehir-locin3D,

  author = {A. Kanehiro et al.},

  title = "Whole Body Locomotion Planning of Humanoid Robots based on a 3D Grid Map",

  booktitle  = "Proceedings of the IEEE International Conference on Robotics and Automation (ICRA)",

  year = "2005"

}



@ARTICLE{Son-planwithprefs,

	Author = {Tran Cao Son and Enrico Pontelli},

	Title = {Planning with preferences using logic programming},

    JOURNAL={Theory and Practice of Logic Programming},

    PAGES={559-607},

    NUMBER={6},

    VOLUME={5},

    Year = {2006}

}





@inProceedings{PhilLikh-SIPP,

  author = "M. Phillips, and M. Likhachev",

  title = "{SIPP}: Safe Interval Path Planning for Dynamic Environments",

  booktitle  = "Proceedings of the IEEE International Conference on Robotics and Automation (ICRA)",

  year = "2011"

}



@inProceedings{PhilLikh-CFDA,

  author = "M. Phillips, and M. Likhachev",

  title = "Planning in Domains with Cost Function Dependent Actions",

  booktitle  = "Proceedings of the National Conference on Artificial Intelligence (AAAI)",

  year = "2011"

}





@inproceedings{motionplanwithmotprims-cohen,

   author = "B. Cohen and S. Chitta and M. Likhachev",

   title = "Search-based Planning for Manipulation with Motion Primitives",

   booktitle = "Proceedings of the International Conference on Robotics and Automation (ICRA)",

   year = "2010"

}



@inproceedings{doorplanner-chitta,

   author = "S. Chitta and B. Cohen and M. Likhachev",

   title = "Planning for Autonomous Door Opening with a Mobile Manipulator",

   booktitle = "Proceedings of the International Conference on Robotics and Automation (ICRA)",

   year = "2010"

}



@inproceedings{dpct-bhat,

   author = "S. Bhattacharya and M. Likhachev and V. Kumar",

   title = "Multi-agent Path Planning with Multiple Tasks and Distance Constraints",

   booktitle = "Proceedings of the International Conference on Robotics and Automation (ICRA)",

   year = "2010"

}



@inproceedings{dpc-bhat,

   author = "S. Bhattacharya and V. Kumar and M. Likhachev",

   title = "Distributed Optimization with Pairwise Constraints and its Application to Multi-robot Path Planning",

   booktitle = "Proceedings of the Robotics: Science and Systems Conference (RSS)",

   year = "2010"

}



@inproceedings{ldog-vernaza,

   author = "P. Vernaza and M. Likhachev and S. Bhattacharya and S. Chitta and A. Kushleyev and D. D. Lee",

   title = "Search-based Planning for a Legged Robot over Rough Terrain",

   booktitle = "Proceedings of the International Conference on Robotics and Automation (ICRA)",

   year = "2009"

}





@inProceedings{rgpunvidia-henderson,

author =  "M. Henderson and J. T. Kider Jr. and M. Likhachev and A. Safonova",

title =   "High-Dimensional Planning on the {GPU}",

booktitle = "NVIDIA GPU Technology Conference",

year = 2009,

note = "Best Poster Award"}



@inProceedings{KushLikh-landsitesel,

  author = "A. Kushleyev and Brian MacAllister and M. Likhachev",

  title = "Planning for Landing Site Selection in the Aerial Supply Delivery",

  booktitle = "Proceedings of the International Conference on Intelligent Robots and Systems (IROS)",

  year = 2011

}



@inproceedings{ros,

   author = "M. Quigley, B. Gerkey, K. Conley, J. Faust, T. Foote, J. Leibs, E. Berger, R. Wheeler, and A. Ng",

   title = "ROS: an open-source Robot Operating System",

   booktitle = "Proceedings of the International Conference on Robotics and Automation (ICRA)",

   year = "2009"

}





@inproceedings{bhat-planwithhomconin3D,

   author = "S. Bhattacharya and M. Likhachev and V. Kumar",

   title = "Identification and Representation of Homotopy Classes of Trajectories for Search-based Path Planning in 3D",

   booktitle = "Proceedings of the Robotics: Science and Systems Conference (RSS)",

   year = "2011"

}



@InProceedings{KoeLik-RTAA,

author = "S. Koenig and M. Likhachev",

title = "Real-Time Adaptive {A*}",

BOOKTITLE= "Proceedings of the International Joint Conference on Autonomous Agents and Multiagent Systems (AAMAS)",

YEAR= "2006"

}





@inProceedings{Gochev-PlanwithAdaptDim,

  author = "Kalin Gochev and Benjamin Cohen and Jonathan Butzke and Alla Safonova and Maxim Likhachev",

  title = "Path Planning with Adaptive Dimensionality",

  booktitle  = "Proceedings of the International Symposium on Combinatorial Search (SoCS)",

  year = "2011"

}



@inproceedings {bhat-planwithhomconstraints,

  author    = {Subhrajit Bhattacharya and Vijay Kumar and Maxim Likhachev},

  title     = {Search-based Path Planning with Homotopy Class Constraints},

  booktitle = {Proceedings of the Twenty-Fourth AAAI Conference on Artificial Intelligence},

  year      = {2010}

}



@inproceedings{motionplanwithadaptmotprims-cohen,

   author = "B. Cohen and Gokul Subramanian and S. Chitta and M. Likhachev",

   title = "Planning for Manipulation with Adaptive Motion Primitives",

   booktitle = "Proceedings of the International Conference on Robotics and Automation (ICRA)",

   year = "2011"

}



@inproceedings{cartpushing-scholz,

   author = "Jonathan Scholz and S. Chitta and B. Marthi and M. Likhachev",

   title = "Cart Pushing with a Mobile Manipulation System: Towards Navigation with Moveable Objects",

   booktitle = "Proceedings of the International Conference on Robotics and Automation (ICRA)",

   year = "2011"

}



@inproceedings{dualarmupright-cohen,

   author = "Benjamin Cohen and Sachin Chitta and Maxim Likhachev",

   title = "Search-Based Planning for Dual-Arm Manipulation with Upright Orientation Constraints",

   booktitle = "Proceedings of the International Conference on Robotics and Automation (ICRA)",

   year = "2012"

}





@inproceedings{planwithadaptdimformm-gochev,

   author = "Kalin Gochev and Alla Safonova and Maxim Likhachev",

   title = "Planning with Adaptive Dimensionality for Mobile Manipulation",

   booktitle = "Proceedings of the International Conference on Robotics and Automation (ICRA)",

   year = "2012"

}



@inProceedings{sbpforcontspaces-Gonzalez,

  author = "Juan Pablo Gonzalez and Maxim Likhachev",

  title = "Search-Based Planning with Provable Suboptimality Bounds for Continuous State Spaces",

  booktitle  = "Proceedings of the International Symposium on Combinatorial Search (SoCS)",

  year = "2011"

}



@inProceedings{motplanforMAVs-macallister,

  author = "Brian MacAllister and A. Kushleyev and Jonathan Butzke and M. Likhachev",

  title = "Search-based Path Planning for a Micro-aerial Vehicle Flight in Cluttered Environments",

  booktitle = "In preparation"

}



@inproceedings{egraphs-phillips,

   author = "M. Phillips and B. Cohen and S. Chitta  and M. Likhachev",

   title = "E-Graphs: Bootstrapping Planning with Experience Graphs",

   booktitle = "Proceedings of the Robotics: Science and Systems Conference (RSS)",

   year = "2012"

}



@inproceedings {hsearchcomesofageaaai-sturt,

  author    = "Nathan R. Sturtevant and Ariel Felner and Maxim Likhachev and Wheeler Ruml",

  title     = "Heuristic Search Comes of Age",

  booktitle = "Proceedings of the Twenty-Sixth Conference on Artificial Intelligence (AAAI)",

  year      = "2012",

  note = "Invited Paper"

}



@inproceedings{combglobalandlocalplan-zhang,

   author = "Haojie Zhang and Jon Butzke and Maxim Likhachev",

   title = "Combining Global and Local Planning with Guarantees on Completeness",

   booktitle = "Proceedings of the International Conference on Robotics and Automation (ICRA)",

   year = "2012"

}



@InProceedings{vernaza12loops,

  author =       {Paul Vernaza and Venkatraman Narayanan and Maxim Likhachev},

  title =        {Efficiently finding optimal winding-constrained loops in the plane},

  booktitle = {Robotics: Science and Systems},

  year =      2012

}



@inproceedings{multihypottracking-gong,

   author = "Haifeng Gong and Jack Sim and Maxim Likhachev and Jianbo Shi",

   title = "Multi-hypothesis Motion Planning for Visual Object Tracking",

   booktitle = "Proceedings of the International Conference on Computer Vision (ICCV)",

   year = "2011"

}



@inproceedings{opportplan-dinesh,

   author = "Dinesh Thakur and Maxim Likhachev and James Keller and Vijay Kumar and Vladimir Dobrokhodov and Kevin Jones and Jeff Wurz and Isaac Kaminer",

   title = "Planning for Opportunistic Surveillance with Multiple Robots",

   booktitle = "Proceedings of the International Conference on Intelligent Robots and Systems (IROS)",

   year = "2013"

}



@inproceedings{multiplan-turpin,

   author = "Matthew Turpin and Nathan Michael and Vijay Kumar",

   title = "Trajectory planning and assignment in multirobot systems",

   booktitle = "International Workshop on the Algorithmic Foundations of Robotics (WAFR)",

   year = "2012"

}



@inproceedings{multiagentcontrol-molnar,

   author = "P. Molnar and J. Starke",

   title = "Control of distributed autonomous robotic systems using principles of pattern formation in nature and pedestrian behavior",

   booktitle = "Systems, Man, and Cybernetics, Part B: Cybernetics, IEEE Transactions on 31(3)",

   year = "2001"

}



@inproceedings{magic2010plan-butzke,

   author = "Jonathan Butzke and Maxim Likhachev",

   title = "Planning for Multi-Robot Exploration With Multiple Objective Utility Functions",

   booktitle = "Proceedings of the International Conference on Intelligent Robots and Systems (IROS)",

   year = "2011"

}



@ARTICLE{topology-sub,

  AUTHOR={Subhrajit Bhattacharya and Maxim Likhachev and Vijay Kumar},

  TITLE={Topological Constraints in Search-based Robot Path Planning},

  JOURNAL={Autonomous Robots (AURO)},

  YEAR={2012}

}



@inProceedings{incplanwithaddim-gochev,

    author =  "Kalin Gochev and Alla Safonova and Maxim Likhachev",

    title =   "Incremental Planning with Adaptive Dimensionality",

    booktitle = "Proceedings of the International Conference on Automated Planning and Scheduling (ICAPS)",

    year = "2013"

}



@inproceedings {truncsearch-aine,

  author    = "Sandip Aine and Maxim Likhachev",

  title     = "Truncated Incremental Search: Faster Replanning by Exploiting Suboptimality",

  booktitle = "Proceedings of the National Conference on Artificial Intelligence (AAAI)",

  year      = "2013"

}



@inProceedings{anytruncsearch-aine,

  author = "Sandip Aine and Maxim Likhachev",

  title = "Anytime Truncated D*: Anytime Replanning with Truncation",

  booktitle  = "Proceedings of the International Symposium on Combinatorial Search (SoCS)",

  year = "2013"

}



@inproceedings{learnfromdemos-phillips,

   author = "M. Phillips and V. Hwang and S. Chitta  and M. Likhachev",

   title = "Learning to Plan for Constrained Manipulation from Demonstrations",

   booktitle = "Proceedings of the Robotics: Science and Systems Conference (RSS)",

   year = "2013"

}



@inproceedings{springloadeddoorplanner-gray,

   author = "S. Gray and S. Chitta and V. Kumar and M. Likhachev",

   title = "A Single Planner for a Composite Task of Approaching, Opening and Navigating through Non-spring and Spring-loaded Doors",

   booktitle = "Proceedings of the International Conference on Robotics and Automation (ICRA)",

   year = "2013"

}



@inproceedings{fastfactory-cowley,

   author = "A. Cowley, B. Cohen, W. Marshall, C. J. Taylor and M. Likhachev",

   title = "Perception and Motion Planning for Pick-and-Place of Dynamic Objects",

   booktitle = "Proceedings of the International Conference on Intelligent Robots and Systems (IROS)",

   year = "2013"

}


% in submission?
@inproceedings{smoothpickup-menon,

   author = "A. Menon and B. Cohen and M. Likhachev",

   title = "Motion Planning for Smooth Pickup of Moving Objects",

   booktitle = "Proceedings of the International Conference on Intelligent Robots and Systems (IROS)",

   year = "2013"

}



@article{demossurvey-argall,

  author = "B. Argall and S. Chernova and M. M. Veloso and Brett Browning",

  title = "A survey of robot learning from demonstration",

  journal = "Robotics and Autonomous Systems",

  volume = "57",

  number = "5",

  pages = "469–483",

  year = "2009"

  }



@inproceedings{learn-pastor,

   author = "P. Pastor and H. Hoffmann and T. Asfour and S. Schaal",

   title = "Learning and generalization of motor skills by learning from demonstration",

   booktitle = "Proceedings of the International Conference on Robotics and Automation (ICRA)",

   year = "2009"

}



@inproceedings{policies-stolle,

   author = "M. Stolle and C. Atkeson",

   title = "Policies based on trajectory libraries",

   booktitle = "Proceedings of the International Conference on Robotics and Automation (ICRA)",

   year = "2006"

}



@article{manipplanwithheursearch-cohen,

    AUTHOR    = {Benjami Cohen and Sachin Chitta and Maxim Likhachev},

    TITLE     = {Heuristic Search-based Planning for Manipulation},

    journal = "International Journal of Robotics Research (IJRR)",

    YEAR      = {2013},

}



@inProceedings{anyincegraphs-phillips,

  author = "Mike Phillips and Andrew Dornbush and Sachin Chitta and Maxim Likhachev",

  title = "Anytime Incremental Planning with E-Graphs",

  booktitle  = "Proceedings of the IEEE International Conference on Robotics and Automation (ICRA)",

  year = "2013"

}



@inproceedings{Kormushev2010IROS,

  author="Kormushev, Petar and Calinon, S. and Caldwell, D. G.",

  title="Robot Motor Skill Coordination with {EM}-based Reinforcement Learning",

  booktitle="Proc. {IEEE/RSJ} Intl Conf. on Intelligent Robots and Systems ({IROS})",

  year="2010",

  month="October",

  address="Taipei, Taiwan",

  pages="3232--3237"

}



@inproceedings{kober_NIPS2008,

  author = "Kober, J. and  Peters, J.",

  year = "2009",

  title = "policy search for motor primitives in robotics",

  booktitle = "advances in neural information processing systems 22 (nips 2008), cambridge, ma: mit press",

  crossref = "p10192"

}



@inproceedings{Pastor_ICRA_2009,

  author =     "Pastor, P. and Hoffmann, H. and Asfour, T. and Schaal, S.",

  year =       "2009",

  title =      "learning and generalization of motor skills by learning from demonstration",

  booktitle =    "international conference on robotics and automation (icra2009)",

  key =      "movement primitives, dynamic systems, obstacle avoidance, generalization, affordances",

  crossref =     "p10331"

}



@article{ArgallCVB09,

  author    = {Brenna Argall and Sonia Chernova and Manuela M. Veloso and Brett Browning},

  title     = {A survey of robot learning from demonstration},

  journal   = {Robotics and Autonomous Systems},

  volume    = {57},

  number    = {5},

  year      = {2009},

  pages     = {469-483},

  ee        = {http://dx.doi.org/10.1016/j.robot.2008.10.024},

  bibsource = {DBLP, http://dblp.uni-trier.de}

}



@inproceedings{lattice-pivto,

   author = "M. Pivtoraiko and A. Kelly",

   title = "Generating near minimal spanning control sets for constrained motion planning in discrete state spaces",

   booktitle = "Proceedings of the International Conference on Intelligent Robots and Systems (IROS)",

   year = "2005"

}



@inProceedings{anyheursearch-thayer,

  author = "Jordan Thayer and Wheeler Ruml",

  title = "Anytime Heuristic Search: Frameworks and Algorithms",

  booktitle  = "Proceedings of the International Symposium on Combinatorial Search (SoCS)",

  year = "2010"

}



@article{ldog-zucker,

    AUTHOR    = {Matt Zucker and Nathan Ratliff and Martin Stole and Joel Chestnutt and J. Andrew Bagnell and Christopher G. Atkeson and James Kuffner},

    TITLE     = {Optimization and learning for rough terrain legged locomotion},

    journal = "International Journal of Robotics Research (IJRR)",

    YEAR      = {2011},

}



@inproceedings{humanoids-hornung,

   author = "Armin Hornung and Andrew Dornbush and Maxim Likhachev and Maren Bennewitz",

   title = "Anytime Footstep Planning with Suboptimality Bounds",

   booktitle = "Proceedings of the IEEE-RAS International Conference on Humanoid Robots (HUMANOIDS)",

   year = "2012"

}



@manual{goldedisonaward,

  title =  "Gold Edison Award for the Advanced Robotic Laser Coating Removal System in 2013",

  author = "CTC-NREC team at CMU",

  address = "http://www.edisonawards.com/winners2013.php"

}



@inProceedings{redundarm-Gray,

  author = "S.R. Gray and J.M. Romano and J. Brindza and S. Kim and K.J. Kuchenbecker and V. Kumar",

  title = "Planning Manipulation and Grasping Tasks with a Redundant Arm",

  booktitle  = "Proceedings of the ASME IDETC/CIE",

  year = "2011"

}





@inProceedings{sound-Romano,

  author = "Joseph M. Romano and Jordan P. Brindza and Katherine J. Kuchenbecker",

  title = "Using Environmental Sound Detection To Improve the Success of Autonomous Robotic Manipulation",

  booktitle  = "Proceedings of the IEEE International Conference on Robotics and Automation (ICRA)",

  year = "2012"

}



@inProceedings{gsipp-Gonzalez,

  author = "Juan Pablo Gonzalez and Andrew Dornbush and Maxim Likhachev",

  title = "Using State Dominance for Path Planning in Dynamic Environments with Moving Obstacles",

  booktitle  = "Proceedings of the IEEE International Conference on Robotics and Automation (ICRA)",

  year = "2012"

}



@InProceedings{berg-ana,

 AUTHOR= "Jur van den Berg and Rajat Shah and Arthur Huang and Ken Goldberg",

 TITLE= "{ANA*}: Anytime Nonparametric A*",

 BOOKTITLE= "Proceedings of the Eighteenth National Conference on Artificial Intelligence (AAAI)",

 YEAR= "2011"

 }



@inProceedings{planwithdisambactions-neuman,

  author = "Bradford Neuman and Maxim Likhachev",

  title = "Planning with Approximate Preferences and its Application to Disambiguating Human Intentions in Navigation",

  booktitle  = "Proceedings of the IEEE International Conference on Robotics and Automation (ICRA)",

  year = "2013"

}



@INPROCEEDINGS{Vannoy06real-timeplanning,

    author = {John Vannoy},

    title = {Real-time planning of mobile manipulation in dynamic environments of unknown changes},

    booktitle = {in Proc. Robotics: Science and Systems},

    year = {2006}

}



@inProceedings{planindynenvswithGPU-park,

  author = "Chonhyon Park and Jia Pan and Dinesh Manocha",

  title = "Real-time Optimization-based Planning in Dynamic Environments using {GPU}s",

  booktitle  = "Proceedings of the IEEE International Conference on Robotics and Automation (ICRA)",

  year = "2013"

}



@inproceedings{humanrobotcolplan-mainprice,

   author = "Jim Mainprice and Dmitry Berenson",

   title = "Human-robot collaborative manipulation planning using early prediction of human motion",

   booktitle = "Proceedings of the International Conference on Intelligent Robots and Systems (IROS)",

   year = "2013"

}



@inproceedings{classicalplannersformotion-srivastava,

   author = "Siddharth Srivastava and Lorenzo Riano and Stuart Russell and Pieter Abbeel",

   title = "Using Classical Planners for Tasks with Continuous Operators in Robotics",

   booktitle = "In the proceedings of the ICAPS Workshop on Planning and Robotics (PlanRob)",

   year = "2013"

}



@article{pddl-fox,

    title = {{PDDL2.1}: an extension to {PDDL} for expressing temporal planning domains},

    author = {M. Fox and D. Long},

    journal = {Journal of Artificial Intelligence Research (JAIR)},

    pages = {61-124},

    volume = {20},

    year = {2003},

}



@article{ffplanner-hoffmann,

    title = {The {FF} planning system: Fast plan generation through heuristic search},

    author = {J. Hoffmann, and B. Nebel},

    journal = {Journal of Artificial Intelligence Research (JAIR)},

    pages = {253-302},

    volume = {14},

    year = {2001},

}



@article{fastdown-helmert,

    title = {The fast downward planning system},

    author = {M. Helmert},

    journal = {Journal of Artificial Intelligence Research (JAIR)},

    pages = {191-246},

    volume = {26},

    year = {2006},

}



@inproceedings{taskplanwithcontactions-hauser,

   author = "Kris Hauser",

   title = "Task planning with continuous actions and nondeterministic motion planning queries.",

   booktitle = "In the proceedings of the AAAI Workshop on Bridging the Gap between Task and Motion Planning",

   year = "2010"

}





@inProceedings{combplanandmotion-choi,

  author = "J. Choi and E. Amir",

  title = "Combining planning and motion planning",

  booktitle  = "Proceedings of the IEEE International Conference on Robotics and Automation (ICRA)",

  year = "2009"

}



@inProceedings{combtaskandmotionplan-wolfe,

    author =  "J. Wolfe and B. Marthi and S. J. Russell",

    title =   "Combined task and motion planning for mobile manipulation",

    booktitle = "Proceedings of the International Conference on Automated Planning and Scheduling (ICAPS)",

    pages = "254--258",

    year = "2010"

}





@inProceedings{hiertaskandmotionplan-kaelb,

  author = "L.P. Kaelbling and T. Lozano-Perez",

  title = "Hierarchical task and motion planning in the now",

  booktitle  = "Proceedings of the IEEE International Conference on Robotics and Automation (ICRA)",

  pages = "147--1477",

  year = "2011"

}
